<record><leader>00000cas a22000007a 4500</leader><controlfield tag="001">14263902</controlfield><controlfield tag="008">860925d18971901pauwr ne      0    0eng d</controlfield><datafield ind1=" " ind2=" " tag="010"><subfield code="a">sn 89077003 </subfield></datafield><datafield ind1=" " ind2=" " tag="040"><subfield code="a">NPH</subfield><subfield code="b">eng</subfield><subfield code="c">NPH</subfield><subfield code="d">OCLCQ</subfield></datafield><datafield ind1=" " ind2=" " tag="042"><subfield code="a">msc</subfield></datafield><datafield ind1="0" ind2=" " tag="130"><subfield code="a">Erie weekly gazette (Erie, Pa. : 1897)</subfield></datafield><datafield ind1="1" ind2="0" tag="245"><subfield code="a">Erie weekly gazette.</subfield></datafield><datafield ind1="3" ind2="0" tag="246"><subfield code="a">Erie gazette</subfield></datafield><datafield ind1=" " ind2=" " tag="260"><subfield code="a">Erie, Pa. :</subfield><subfield code="b">Dispatch Pub. Co.,</subfield><subfield code="c">1897-1901.</subfield></datafield><datafield ind1=" " ind2=" " tag="300"><subfield code="a">4 v. :</subfield><subfield code="b">ill. ;</subfield><subfield code="c">54 cm.</subfield></datafield><datafield ind1=" " ind2=" " tag="310"><subfield code="a">Weekly</subfield></datafield><datafield ind1="0" ind2=" " tag="362"><subfield code="a">Mar. 11, 1897-Oct. 31, 1901.</subfield></datafield><datafield ind1=" " ind2=" " tag="752"><subfield code="a">United States</subfield><subfield code="b">Pennsylvania</subfield><subfield code="d">Erie</subfield><subfield code="d">Erie.</subfield></datafield><datafield ind1="0" ind2=" " tag="775"><subfield code="t">Erie morning dispatch</subfield><subfield code="w">(DLC)sn 83032029</subfield></datafield><datafield ind1="0" ind2="0" tag="780"><subfield code="t">Dispatch gazette</subfield><subfield code="w">(DLC)sn 85038416</subfield><subfield code="w">(OCoLC)12396416</subfield></datafield></record>